<?xml version="1.0" encoding="UTF-8"?><collection xmlns="http://www.loc.gov/MARC21/slim"><record><leader>00393nam--2200169-u-4500</leader><controlfield tag="001">000052077</controlfield><controlfield tag="002">20161230</controlfield><controlfield tag="005">20161230201049</controlfield><controlfield tag="008">090617s1000------------r-----000-0-eng-d</controlfield><datafield ind1=" " ind2=" " tag="040"><subfield code="a">IFIN-HH</subfield></datafield><datafield ind1=" " ind2=" " tag="080"><subfield code="a">518.12</subfield></datafield><datafield ind1="1" ind2=" " tag="100"><subfield code="a">Berezin,I.S. si Zhidkov,N.P</subfield></datafield><datafield ind1="1" ind2=" " tag="245"><subfield code="a">Metody Vychislenii</subfield></datafield><datafield ind1=" " ind2=" " tag="260"><subfield code="a">Moskva</subfield><subfield code="c">1962</subfield></datafield><datafield ind1=" " ind2=" " tag="490"><subfield code="v">vol.2</subfield></datafield><datafield ind1=" " ind2=" " tag="852"><subfield code="a">8599</subfield><subfield code="c">518.12</subfield></datafield><datafield ind1=" " ind2=" " tag="CAT"><subfield code="a">Sys</subfield><subfield code="c">20090617</subfield><subfield code="h">091253</subfield></datafield></record></collection>